@inproceedings{narayanan2023svsm,
	title        = {{Remote attestation of confidential VMs using ephemeral vTPMs}},
	author       = {Narayanan, Vikram and Carvalho, Claudio and Ruocco, Angelo and Almasi, Gheorghe and Bottomley, James and Ye, Mengmei and Feldman-Fitzthum, Tobin and Buono, Daniele and Franke, Hubertus and Burtsev, Anton},
	year         = 2023,
	booktitle    = {Proceedings of the 39th Annual Computer Security Applications Conference},
	publisher    = {Association for Computing Machinery},
	address      = {New York, NY, USA},
	series       = {ACSAC '23},
	pages        = {732–743},
	doi          = {10.1145/3627106.3627112},
	isbn         = 9798400708862,
	numpages     = 12
}

@inproceedings{sailer2004ima,
	title        = {{Design and implementation of a TCG-based integrity measurement architecture}},
	author       = {Sailer, Reiner and Zhang, Xiaolan and Jaeger, Trent and Van Doorn, Leendert},
	year         = 2004,
	booktitle    = {USENIX Security symposium},
	volume       = 13,
	number       = 2004,
	pages        = {223--238}
}

@inproceedings{bohling2020imatoctou,
	title        = {{Subverting Linux' integrity measurement architecture}},
	author       = {Bohling, Felix and Mueller, Tobias and Eckel, Michael and Lindemann, Jens},
	year         = 2020,
	booktitle    = {Proceedings of the 15th International Conference on Availability, Reliability and Security},
	publisher    = {Association for Computing Machinery},
	series       = {ARES '20},
	doi          = {10.1145/3407023.3407058},
	isbn         = 9781450388337,
	articleno    = 27,
	numpages     = 10
}

@inproceedings{galanou2023revelio,
	title        = {{Trustworthy confidential virtual machines for the masses}},
	author       = {Galanou, Anna and Bindlish, Khushboo and Preibsch, Luca and Pignolet, Yvonne-Anne and Fetzer, Christof and Kapitza, R\"{u}diger},
	year         = 2023,
	booktitle    = {Proceedings of the 24th International Middleware Conference},
	publisher    = {Association for Computing Machinery},
	series       = {Middleware '23},
	pages        = {316–328},
	doi          = {10.1145/3590140.3629124},
	isbn         = 9798400701771,
	numpages     = 13
}

@inproceedings{kata,
	title        = {{Kata Containers: An Emerging Architecture for Enabling MEC Services in Fast and Secure Way}},
	author       = {Randazzo, Alessandro and Tinnirello, Ilenia},
	year         = 2019,
	booktitle    = {2019 Sixth International Conference on Internet of Things: Systems, Management and Security (IOTSMS)},
	volume       = {},
	number       = {},
	pages        = {209--214},
	doi          = {10.1109/IOTSMS48152.2019.8939164}
}

# url = {https://www.amd.com/content/dam/amd/en/documents/epyc-technical-docs/specifications/56860.pdf}
@techreport{AmdSevAbi,
	title        = {{SEV Secure Nested Paging Firmware ABI Specification}},
	author       = {{Advanced Micro Devices}},
	year         = 2023,
	month        = {September},
	note         = {Version 1.55},
	type         = {{Specification}}
}

# url = {https://www.amd.com/content/dam/amd/en/documents/epyc-technical-docs/programmer-references/55766_SEV-KM_API_Specification.pdf}
@techreport{AmdSevApi,
	title        = {{Secure Encrypted Virtualization API}},
	author       = {{Advanced Micro Devices}},
	year         = 2020,
	month        = {April},
	note         = {Version 3.24},
	type         = {{Specification}}
}

# url = {https://www.amd.com/content/dam/amd/en/documents/epyc-business-docs/white-papers/memory-encryption-white-paper.pdf}
@techreport{AmdSevWhitepaper,
	title        = {{AMD Memory Encryption}},
	author       = {{AMD}},
	year         = 2021,
	month        = {October},
	type         = {{White Paper}}
}

# url = {https://www.amd.com/content/dam/amd/en/documents/epyc-business-docs/white-papers/Protecting-VM-Register-State-with-SEV-ES.pdf}
@techreport{AmdSevEsWhitepaper,
	title        = {{Protecting VM Register State with SEV-ES}},
	author       = {{AMD}},
	year         = 2017,
	month        = {February},
	type         = {{White Paper}}
}

# url = {https://www.amd.com/content/dam/amd/en/documents/epyc-business-docs/white-papers/SEV-SNP-strengthening-vm-isolation-with-integrity-protection-and-more.pdf}
@techreport{AmdSevSnpWhitepaper,
	title        = {{AMD SEV-SNP: Strengthening VM Isolation with Integrity Protection and More}},
	author       = {{AMD}},
	year         = 2020,
	month        = {January},
	type         = {{White Paper}}
}

# url = {https://cdrdv2-public.intel.com/795471/intel-tdx-module-1.5-base-spec-348549003.pdf}
@techreport{intelTdxModule,
	title        = {{Intel Trust Domain Extensions (Intel TDX) Module Base Architecture Specification}},
	author       = {{Intel}},
	year         = 2023,
	month        = {November},
	note         = {Version 348549-003US},
	type         = {{Specification}}
}

@techreport{intelTdxWhitepaper,
	title        = {{Intel Trust Domain Extensions}},
	author       = {{Intel}},
	year         = 2023,
	month        = {February},
	type         = {{White Paper}}
}

@techreport{armCCA,
	title        = {{Learn the architecture - Introducing Arm Confidential Compute Architecture}},
	author       = {{ARM}},
	year         = 2023,
	month        = {June},
	note         = {Version 3.0},
	type         = {{Specification}}
}

@techreport{measuredBoot,
	title        = {{TCG EFI Platform Specification}},
	author       = {{Trusted Computing Group}},
	year         = 2014,
	month        = {January},
	note         = {Version 1.22},
	type         = {{Specification}}
}

@techreport{ietfRats,
	title        = {{Remote ATtestation procedureS (RATS) Architecture}},
	author       = {Birkholz, Henk and Thaler, Dave and Richardson, Michael and Smith, Ned and Pan, Wei},
	year         = 2023,
	month        = {01},
	note         = {},
	institution  = {{Internet Engineering Task Force (IETF)}},
	type         = {RFC 9334}
}

@techreport{intelTrustAuthority,
	title        = {{Put Zero Trust Within Reach and Get Public Cloud Flexibility with Private Cloud Security}},
	author       = {Intel},
	year         = 2023,
	month        = {09},
	note         = {Version 355888-001US},
	type         = {White Paper}
}

@misc{amdsevGithub,
	title        = {{AMD Secure Encrypted Virtualization}},
	author       = {{AMD}},
	note         = {{Accessed on March 23, 2024}},
	howpublished = {\url{https://github.com/AMDESE/AMDSEV/tree/snp-latest}}
}

@misc{snpguest,
	title        = {{snpguest: A CLI tool for interacting with SEV-SNP guest environment}},
	author       = {{VirTEE}},
	note         = {{Accessed on March 23, 2024}},
	howpublished = {\url{https://github.com/virtee/snpguest}}
}

@misc{sevsnpmeasure,
	title        = {{sev-snp-measure: Calculate AMD SEV/SEV-ES/SEV-SNP measurement for confidential computing}},
	author       = {{VirTEE}},
	note         = {{Accessed on March 23, 2024}},
	howpublished = {\url{https://github.com/virtee/sev-snp-measure}}
}

@misc{virtee,
	title        = {{VirTEE: A Community for building Virt-based TEEs}},
	author       = {{VirTEE}},
	note         = {{Accessed on March 23, 2024}},
	howpublished = {\url{https://virtee.io/}}
}

@misc{awsUefi,
	title        = {{UEFI}},
	author       = {{AWS}},
	note         = {{Accessed on March 23, 2024}},
	howpublished = {\url{https://github.com/aws/uefi}}
}

#howpublished="\url{https://confidentialcomputing.io/wp-content/uploads/sites/10/2023/03/CCC_outreach_whitepaper_updated_November_2022.pdf}, V1.3"
@misc{confcon2022marketing,
	title        = {{Confidential Computing: Hardware-Based Trusted Execution for Applications and Data}},
	author       = {{Confidential Computing Consortium}},
	year         = 2022,
	month        = 11,
	note         = {Version 1.3},
	type         = {White Paper}
}

@article{schneider2022hardware,
	title        = {{Sok: Hardware-supported trusted execution environments}},
	author       = {Schneider, Moritz and Masti, Ramya Jayaram and Shinde, Shweta and Capkun, Srdjan and Perez, Ronald},
	year         = 2022,
	journal      = {arXiv preprint arXiv:2205.12742},
	doi          = {10.48550/arXiv.2205.12742}
}

@misc{azureDocsSecureBoot,
	title        = {{About Azure confidential VMs - Attestation and TPM}},
	author       = {{Microsoft Azure}},
	note         = {{Archived on May 13th, 2024}},
	howpublished = {\url{https://web.archive.org/web/20240513093454/https://learn.microsoft.com/en-us/azure/confidential-computing/confidential-vm-overview#attestation-and-tpm}}
}

@misc{googleDocsSecureBoot,
	title        = {{What is Shielded VM? - Secure Boot}},
	author       = {{Google Cloud}},
	note         = {{Archived on April 25th, 2024}},
	howpublished = {\url{https://web.archive.org/web/20240425181344/https://cloud.google.com/compute/shielded-vm/docs/shielded-vm#vtpm}}
}

@misc{azureDocsvTPM,
	title        = {{Virtual TPMs in Azure confidential VMs}},
	author       = {{Microsoft Azure}},
	note         = {{Archived on May 3rd, 2024}},
	howpublished = {\url{https://web.archive.org/web/20240503012205/https://learn.microsoft.com/en-us/azure/confidential-computing/virtual-tpms-in-azure-confidential-vm}}
}

@misc{googleDocsvTPM,
	title        = {{Confidential VM attestation}},
	author       = {{Google Cloud}},
	note         = {{Archived on May 13th, 2024}},
	howpublished = {\url{https://web.archive.org/web/20240513094653/https://cloud.google.com/confidential-computing/confidential-vm/docs/attestation}}
}

@misc{awsGithubvTPM,
	title        = {{NitroTPM on AWS to measure kernel}},
	author       = {{AWS}},
	note         = {{Accessed on March 26, 2024}},
	howpublished = {\url{https://github.com/aws/uefi/issues/13}}
}

@misc{azureDocsCustomImage,
	title        = {{How to create a custom image for Azure confidential VMs}},
	author       = {{Microsoft Azure}},
	note         = {{Archived on May 13th, 2024}},
	howpublished = {\url{https://web.archive.org/web/20240513095534/https://learn.microsoft.com/en-us/azure/confidential-computing/how-to-create-custom-image-confidential-vm}}
}

@misc{googleDocsCustomImage,
	title        = {{Create custom Confidential VM images}},
	author       = {{Google Cloud}},
	note         = {{Archived on May 13th, 2024}},
	howpublished = {\url{https://web.archive.org/web/20240513095702/https://cloud.google.com/confidential-computing/confidential-vm/docs/create-custom-confidential-vm-images}}
}

@misc{awsDocsCustomImage,
	title        = {{Importing a VM as an image using VM Import/Export}},
	author       = {{AWS}},
	note         = {{Archived on April 27th, 2024}},
	howpublished = {\url{https://web.archive.org/web/20240427135926/https://docs.aws.amazon.com/vm-import/latest/userguide/vmimport-image-import.html}}
}

@misc{azureDocsLinuxAgent,
	title        = {{Azure Linux VM Agent overview}},
	author       = {{Microsoft Azure}},
	note         = {{Accessed on March 26, 2024}},
	howpublished = {\url{https://learn.microsoft.com/en-us/azure/virtual-machines/extensions/agent-linux}}
}

@misc{cloudInit,
	title        = {{cloud-init}},
	author       = {{Canonical}},
	note         = {{Accessed on March 26, 2024}},
	howpublished = {\url{https://cloud-init.io/}}
}

@misc{directLinuxBoot,
	title        = {{Direct Linux Boot}},
	author       = {{QEMU}},
	note         = {{Accessed on March 26, 2024}},
	howpublished = {\url{https://qemu-project.gitlab.io/qemu/system/linuxboot.html}}
}

@misc{kernelHashesOvmf,
	title        = {{Securing Linux VM boot with AMD SEV measurement}},
	author       = {{Dov Murik and Hubertus Franke}},
	note         = {{Accessed on March 26, 2024}},
	howpublished = {\url{https://static.sched.com/hosted_files/kvmforum2021/ed/securing-linux-vm-boot-with-amd-sev-measurement.pdf}}
}

@misc{intelTdxvTPM,
	title        = {{Virtual TPM in Intel TDX}},
	author       = {{Intel}},
	note         = {{Accessed on March 26, 2024}},
	howpublished = {\url{https://github.com/intel/vtpm-td}}
}

@misc{coconutSVSM,
	title        = {{COCONUT-SVSM Github Repository}},
	author       = {{COCONUT}},
	note         = {{Accessed on March 26, 2024}},
	howpublished = {\url{https://github.com/coconut-svsm/svsm}}
}

@misc{dmIntegrity,
	title        = {{dm-integrity}},
	author       = {{kernel.org}},
	note         = {{Accessed on March 26, 2024}},
	howpublished = {\url{https://docs.kernel.org/admin-guide/device-mapper/dm-integrity.html}}
}

@misc{dmVerity,
	title        = {{dm-verity}},
	author       = {{kernel.org}},
	note         = {{Accessed on March 26, 2024}},
	howpublished = {\url{https://docs.kernel.org/admin-guide/device-mapper/verity.html}}
}

@misc{dmCrypt,
	title        = {{dm-crypt}},
	author       = {{kernel.org}},
	note         = {{Accessed on March 26, 2024}},
	howpublished = {\url{https://www.kernel.org/doc/html/latest/admin-guide/device-mapper/dm-crypt.html}}
}

@inproceedings{akram2020performance,
	title        = {{Performance Analysis of Scientific Computing Workloads on General Purpose TEEs}},
	author       = {Akram, Ayaz and Giannakou, Anna and Akella, Venkatesh and Lowe-Power, Jason and Peisert, Sean},
	year         = 2021,
	booktitle    = {2021 IEEE International Parallel and Distributed Processing Symposium (IPDPS)},
	volume       = {},
	number       = {},
	pages        = {1066--1076},
	doi          = {10.1109/IPDPS49936.2021.00115}
}

@techreport{intelTdxMigration,
	title        = {{Intel TDX Module Architecture Specification: TD Migration}},
	author       = {Intel},
	year         = 2024,
	month        = {03},
	note         = {Version 348550-004US},
	type         = {Specification}
}

@inproceedings{severifast,
author = {Holmes, Benjamin and Waterman, Jason and Williams, Dan},
title = {SEVeriFast: Minimizing the root of trust for fast startup of SEV microVMs},
year = {2024},
isbn = {9798400703850},
publisher = {Association for Computing Machinery},
doi = {10.1145/3620665.3640424},
pages = {1045–1060},
numpages = {16},
series = {ASPLOS '24}
}

@misc{edgelessSystems,
	title        = {{Constellation}},
	author       = {{Edgeless Systems}},
	note         = {{Accessed on May 13th, 2024}},
	howpublished = {\url{https://www.edgeless.systems/products/constellation}}
}

@misc{enclaive,
	title        = {{Buckypaper}},
	author       = {{Enclaive}},
	note         = {{Accessed on May 13th, 2024}},
	howpublished = {\url{https://www.enclaive.io/buckypaper-confidential-virtual-machines}}
}

@misc{anjuna,
	title        = {{Anjuna Seaglass}},
	author       = {{Anjuna}},
	note         = {{Accessed on May 13th, 2024}},
	howpublished = {\url{https://www.anjuna.io/product}}
}

@misc{gceTcbVerifier,
	title        = {{gce-tcb-verifier}},
	author       = {{Google}},
	note         = {{Accessed on May 13th, 2024}},
	howpublished = {\url{https://github.com/google/gce-tcb-verifier}}
}